@article{sturtevant1913linear,
  title={The linear arrangement of six sex-linked factors in Drosophila, as shown by their mode of association},
  author={Sturtevant, Alfred Henry},
  journal={Journal of experimental zoology},
  volume={14},
  number={1},
  pages={43--59},
  year={1913},
  publisher={Wiley Online Library}
},
@article{lander1987construction,
  title={Construction of multilocus genetic linkage maps in humans},
  author={Lander, Eric S and Green, Philip},
  journal={Proceedings of the National Academy of Sciences},
  volume={84},
  number={8},
  pages={2363--2367},
  year={1987},
  publisher={National Acad Sciences}
},
@article{wu2008efficient,
  title={Efficient and accurate construction of genetic linkage maps from the minimum spanning tree of a graph},
  author={Wu, Yonghui and Bhat, Prasanna R and Close, Timothy J and Lonardi, Stefano},
  journal={PLoS genetics},
  volume={4},
  number={10},
  pages={e1000212},
  year={2008},
  publisher={Public Library of Science}
},
@incollection{wu2007efficient,
  title={Efficient and accurate construction of genetic linkage maps from noisy and missing genotyping data},
  author={Wu, Yonghui and Bhat, Prasanna and Close, Timothy J and Lonardi, Stefano},
  booktitle={Algorithms in Bioinformatics},
  pages={395--406},
  year={2007},
  publisher={Springer}
},
@article{gremme2013genometools,
  title={GenomeTools: a comprehensive software library for efficient processing of structured genome annotations},
  author={Gremme, Gordon and Steinbiss, Sascha and Kurtz, Stefan},
  journal={Computational Biology and Bioinformatics, IEEE/ACM Transactions on},
  volume={10},
  number={3},
  pages={645--656},
  year={2013},
  publisher={IEEE}
},
@book{terwilliger1994handbook,
  title={Handbook of human genetic linkage},
  author={Terwilliger, Joseph Douglas},
  year={1994},
  publisher={JHU Press}
},
@book{carrinnes2003handbook,
  title={Biology 2250 Principles of Genetics},
  author={Steven M, Carr and David J, Innes},
  year={2003},
  publisher={Memorial, University of Newfoundland}
},
@book{setubal1997introduction,
  title={Introduction to computational molecular biology},
  author={Setubal, Joao Carlos and Meidanis, Joao},
  year={1997},
  publisher={PWS Pub.}
},
@article{sturtevant1913linear,
  title={The linear arrangement of six sex-linked factors in Drosophila, as shown by their mode of association},
  author={Sturtevant, Alfred Henry},
  journal={Journal of experimental zoology},
  volume={14},
  number={1},
  pages={43--59},
  year={1913},
  publisher={Wiley Online Library}
},
@book{lodish2008molecular,
  title={Molecular cell biology},
  author={Lodish, Harvey},
  year={2008},
  publisher={Macmillan}
},
@book{morgan1919physical,
  title={The physical basis of heredity},
  author={Morgan, Thomas Hunt},
  year={1919},
  publisher={JB Lippincott}
},
@book{morgan1916critique,
  title={A Critique of the Theory of Evolution},
  author={Morgan, Thomas Hunt},
  year={1916},
  publisher={Princeton University Press}
}

